@book{dragon_book,
  author    = {Ахо, Альфред В. and Лам, Моника С. and Сети, Рави and Ульман, Джеффри Д.},
  title     = {Компиляторы: принципы, технологии и инструментарий},
  year      = {2018},
  publisher = {ООО И.Д. Вильямс},
  address   = {Москва},
  edition   = {2-е изд.}
}

@online{llvm_docs,
  title   = {Документация к проекту LLVM},
  year    = {2025},
  url     = {https://llvm.org/docs},
  urldate = {2024-12-01}
}


@book{unn_practicum,
  author     = {Барышева, И.В. and Мееров, И.Б. and Сысоев, А.В. and Шестакова, Н.В. and Гергель, В.П.},
  title      = {Лабораторный практикум},
  titleaddon = {Учебно-методическое пособие},
  year       = {2017},
  publisher  = {Нижегородский университет},
  address    = {Нижний Новгород}
}
